% Encoding: UTF-8

@Book{1,
  title     = {Predictive analytics: The power to predict who will click, buy, lie, or die},
  publisher = {John Wiley \& John Wiley \& Sons},
  year      = {2013},
  author    = {Eric Siegel},
  editor    = {Thomas H. Davenport},
  number    = {103-110},
}

@Article{2,
  author  = {Brown, B., Chui, M. and Manyika, J},
  title   = {Are you ready for the era of ‘big data’?},
  journal = {McKinsey Quarterly},
  year    = {2011},
  volume  = {4},
  number  = {1},
  pages   = {24-35},
}

@Article{3,
  author  = {A. A. Cárdenas and P. K. Manadhata and S. P. Rajan},
  title   = {Big Data Analytics for Security},
  journal = {IEEE Security Privacy},
  year    = {2013},
  volume  = {11},
  number  = {6},
  pages   = {74-76},
}

@Article{4,
  author  = {Hipgrave, Shaun},
  title   = {Smarter fraud investigations with big data analytics},
  journal = {Network Security},
  year    = {2013},
  volume  = {2013},
  number  = {12},
  pages   = {7-9},
}

@Article{5,
  author  = {Chen, H., Chiang, R. H. L., \& Storey, V. C},
  title   = {Business intelligence and analytics: From big data to big impact},
  journal = {MIS Quarterly: Management Information Systems},
  year    = {2012},
  volume  = {36},
  number  = {4},
}

@Comment{jabref-meta: databaseType:bibtex;}
